@misc{website:warcmerge,     
      title = "{WARC} Merge",
      howpublished = "https://github.com/maturban/WARCMerge"
}
@misc{website:pywb,     
      title = "User Guide for pywb",
      howpublished = "https://github.com/ikreymer/pywb"
}
@misc{website:webarchive,     
      title = "{WARC} and {ARC} indexing and discovery tools",
      howpublished = "https://github.com/ukwa/webarchive-discovery"
}
@misc{website:wail,     
      title = "{WAIL}",
      howpublished = "http://matkelly.com/wail/"
}
@misc{website:solrfrontends,     
      title = "{SOLR} Front Ends",
      howpublished = "https://github.com/ukwa/webarchive-discovery/wiki/Front-ends"
}
@misc{website:rbarplot,     
      title = "R Bar Plots",
      howpublished = "http://www.theanalysisfactor.com/r-11-bar-charts/"
}
