@misc{website:twitterLibraries,     
      title = "Twitter Libraries",
      howpublished = "https://dev.twitter.com/overview/api/twitter-libraries"
}
@misc{website:json,     
      title = "Python JSON",
      howpublished = "https://docs.python.org/2/library/json.html"
}
@misc{website:TwitterSearch,     
      title = "Twitter Search for Python",
      howpublished = "https://github.com/ckoepp/TwitterSearch"
}
@misc{website:EntitiesInObjects,     
      title = "Entities in Object",
      howpublished = "https://dev.twitter.com/overview/api/entities-in-twitter-objects\#urls"
}
@misc{website:requests,     
      title = "Requests Documentation",
      howpublished = "http://docs.python-requests.org/en/latest/"
}
@misc{website:APIKeys,     
      title = "Using Twitter API keys",
      howpublished = "http://thomassileo.com/blog/2013/01/25/using-twitter-rest-api-v1-dot-1-with-python/"
}
@misc{website:GraphsInR,     
      title = "Producing simple graphs in R",
      howpublished = "http://www.harding.edu/fmccown/r/"
}
@misc{website:DateTimeInPython,     
      title = "Datetime python",
      howpublished = "https://docs.python.org/2/library/datetime.html"
}
@misc{website:CarbonDate,     
      title = "Github for CarbonDate",
      howpublished = "https://github.com/HanySalahEldeen/CarbonDate"
}
