@misc{website:twarc,     
      title = "twarc",
      howpublished = "https://github.com/edsu/twarc"
}
@misc{website:ngrams,     
      title = "n-grams in python",
      howpublished = "http://stackoverflow.com/questions/13423919/computing-n-grams-using-python"
}
@misc{website:cdf,     
      title = "CDF in R",
      howpublished = "http://stats.stackexchange.com/questions/30858/how-to-calculate-cumulative-distribution-in-r"
}
